%
% This is file `coppe.bib'.
%
% Bibliographic references for the documentation.
%
% Copyright (C) 2011 CoppeTeX Project and any individual authors listed
% elsewhere in this file.
%
% This program is free software; you can redistribute it and/or modify
% it under the terms of the GNU General Public License version 3 as
% published by the Free Software Foundation.
%
% This program is distributed in the hope that it will be useful,
% but WITHOUT ANY WARRANTY; without even the implied warranty of
% MERCHANTABILITY or FITNESS FOR A PARTICULAR PURPOSE. See the
% GNU General Public License version 3 for more details.
%
% You should have received a copy of the GNU General Public License
% version 3 along with this package (see COPYING file).
% If not, see <http://www.gnu.org/licenses/>.
%
% $URL: https://coppetex.svn.sourceforge.net/svnroot/coppetex/trunk/coppe.bib $
% $Id: coppe.bib 118 2008-10-18 14:17:06Z helano $
%
% Author(s): Vicente H. F. Batista
%            George O. Ainsworth Jr.
%

@BOOK{book-example,
   author = "R. Abraham and J. E. Marsden and T. Ratiu",
   title = "Manifolds, Tensor Analysis, and Applications",
   edition = "2",
   address = "New York",
   publisher = "Springer-Verlag",
   year = "1988",
}

@ARTICLE{article-example,
   author = "D. Iesan",
   title = {Existence Theorems in the Theory of Mixtures},
   journal = {Journal of Elasticity},
   volume = {42},
   number = {2},
   pages = {145--163},
   month = feb,
   year = 1996,
}

@TECHREPORT{techreport-exampleIn,
  author = "D. A. Garret",
  title = "The Microscopic Detection of Corrosion in Aluminum Aircraft Structures with Thermal Neutron Beams and Film Imaging Methods",
  type = "In: Report",
  number = "NBSIR 78-1434",
  institution = "National Bureau of Standards",
  address = "Washington, D.C.",
  year = "1977",
}

@TECHREPORT{techreport-example,
   author = "L. Maestrello",
   title = "Two-Point Correlations of Sound Pressure in the Far Field of a Jet: Experiment",
   type = "{NASA}",
   number = "{TM}~{X}-72835",
   year = 1976,
}

@INPROCEEDINGS{inproceedings-example,
   author = "M. E. Gurtin",
   title = "On the nonlinear theory of elasticity",
   booktitle = "Proceedings of the International Symposium on Continuum Mechanics and Partial Differential Equations: Contemporary Developments in Continuum Mechanics and Partial Differential Equations",
   pages = "237-253",
   address = "Rio de Janeiro",
   month = aug,
   year = 1977,
}


@INCOLLECTION{incollection-example,
   author = "S. C. Cowin",
   title = "Adaptive Anisotropy: An Example in Living Bone",
   booktitle = "Non-Classical Continuum Mechanics",
   series = "London Mathematical Society Lecture Note Series",
   volume = "122",
   publisher = "Cambridge University Press",
   pages = "174--186",
   year = 1987,
}

@INBOOK{inbook-example,
   author = "D. K. Edwards",
   title = "Thermal Radiation Measurements",
   address = "New York, USA",
   booktitle = "Measurements in Heat Transfer",
   publisher = "Hemisphere Publishing Corporation",
   editor = "E. R. G. Eckert and R. J. Goldstein",
   edition = 2,
   year = "1976",
   chapter = "10",
}

@MASTERSTHESIS{mastersthesis-example,
   author = "A. Tuntomo",
   title = "Transport Phenomena in a Small Particle with Internal Radiant Absorption",
   school = "University of California at Berkeley",
   type = "{Ph.D.} dissertation",
   address = "Berkeley, California, USA",
   year = 1990,
}

@PHDTHESIS{phdthesis-example,
   author = "Paes~Junior, H. R.",
   title = "Influ{\^e}ncia da Espessura da Camada Intr{\'i}nseca e Energia do Foton na Degrada{\c c}\~ao de C{\'e}lulas Solares de Sil{\'i}cio Amorfo Hidrogenado",
   school = "COPPE/UFRJ",
   address = "Rio de Janeiro, RJ, Brasil",
   type = "Tese de {D.Sc.}",
   year = 1994,
}

@BOOK{bogle2015,
  title={Bogle on mutual funds: New perspectives for the intelligent investor},
  author={Bogle, John C},
  year={2015},
  publisher={John Wiley \& Sons},
  address={New Jersey},
}

@BOOK{damodaran2006,
   title = "Damodaran on valuation: security analysis for investment and corporate finance",
   publisher = "John Wiley & Sons",
   address = "New Jersey",
   author = "Aswath Damodaran",
   year = 2006,
   edition = 2,
}
   
@ARTICLE{damodaran2006a,
   title = "Valuation Approaches and Metrics: A Survey of the Theory and Evidence",
   author = "Aswath Damodaran",
   publisher = "Stern School of Business",
   year = 2006,
   month = 11,
}

@ARTICLE{markowitz1952,
  title= "Portfolio selection",
  author= "Harry Markowitz",
  journal = "The Journal of Finance",
  volume = 7,
  number = 1,
  year=1952,
  pages=77--91
}

@BOOK{assafneto2018,
   title = "Mercado financeiro",
   author = "Alexandre Assaf Neto",
   edition = 14,
   address = "São Paulo",
   publisher = "Atlas",
   year = 2018,
}

@ARTICLE{beaver1970,
  title={The association between market determined and accounting determined risk measures},
  author={Beaver, William and Kettler, Paul and Scholes, Myron},
  journal={The Accounting Review},
  volume={45},
  number={4},
  pages={654--682},
  year={1970},
  publisher={JSTOR}
}

@MISC{anbima2019,
   edition = 2,
   year = 2019,
   author = ANBIMA,
   title = "Raio-X do Investidor Brasileiro"
}

@BOOK{simon1997,
  title={Models of bounded rationality: Empirically grounded economic reason},
  author={Simon, Herbert Alexander},
  volume={3},
  address = "Massachusetts",
  year={1997},
  publisher={MIT press}
}

@ARTICLE{klayman1995,
  title={Varieties of confirmation bias},
  author={Klayman, Joshua},
  journal={Psychology of learning and motivation},
  volume={32},
  pages={385--418},
  year={1995},
  publisher={Academic Press}
}

@ARTICLE{schwarz1991,
  title={Ease of retrieval as information: another look at the availability heuristic.},
  author={Schwarz, Norbert and Bless, Herbert and Strack, Fritz and Klumpp, Gisela and Rittenauer-Schatka, Helga and Simons, Annette},
  journal={Journal of Personality and Social psychology},
  volume={61},
  number={2},
  pages={195},
  year={1991},
  publisher={American Psychological Association}
}

@ARTICLE{kruger1999,
  title={Unskilled and unaware of it: how difficulties in recognizing one's own incompetence lead to inflated self-assessments.},
  author={Kruger, Justin and Dunning, David},
  journal={Journal of personality and social psychology},
  volume={77},
  number={6},
  pages={1121},
  year={1999},
  publisher={American Psychological Association}
}

@BOOK{munger2006,
  title={Poor Charlie's Almanack: The Wit and Wisdom of Charles T. Munger},
  author={Munger, Charles T},
  year={2006},
  address = "Virginia Beach",
  publisher={Donning Company}
}

@BOOK{epe2020,
   title = {Plano Nacional de Energia 2050},
   author = {EPE},
   year = {2020},
   address = "Brasília",
   publisher = {Ministério de Minas e Energia}
}

@ARTICLE{gordon1956,
  title={Capital equipment analysis: the required rate of profit},
  author={Gordon, Myron J and Shapiro, Eli},
  journal={Management science},
  volume={3},
  number={1},
  pages={102--110},
  year={1956},
  publisher={INFORMS}
}

@ARTICLE{gordon1959,
  title={Dividends, earnings, and stock prices},
  author={Gordon, Myron J},
  journal={The review of economics and statistics},
  pages={99--105},
  year={1959},
  publisher={JSTOR}
}

@BOOK{damodaran2007,
  title={Valuation approaches and metrics: a survey of the theory and evidence},
  author={Damodaran, Aswath},
  year={2007},
  publisher={Now Publishers Inc}
}

@BOOK{damodaran2012,
  title={Investment philosophies: successful strategies and the investors who made them work},
  author={Damodaran, Aswath},
  year={2012},
  address={Hoboken, NJ},
  publisher={John Wiley \& Sons}
}

@BOOK{graham2009,
  title={Security analysis},
  author={Graham, Benjamin and Dodd, David L},
  year={2009},
  address={New York City, NY},
  publisher={McGraw-Hill Companies, Inc}
}

@BOOK{graham2016,
  title={O investidor inteligente},
  author={Graham, Benjamin},
  year={2016},
  address={Rio de Janeiro},
  publisher={HarperCollins Brasil}
}

@ARTICLE{modigliani1958,
  title={The cost of capital, corporation finance and the theory of investment},
  author={Modigliani, Franco and Miller, Merton H},
  journal={The American economic review},
  volume={48},
  number={3},
  pages={261--297},
  year={1958},
  publisher={JSTOR}
}

@BOOK{fisher1930,
  title={Theory of interest: as determined by impatience to spend income and opportunity to invest it},
  author={Fisher, Irving},
  address={New York City, NY},
  year={1930},
  publisher={Augustusm Kelly Publishers, Clifton}
}

@ARTICLE{sharpe1964,
  title={Capital asset prices: A theory of market equilibrium under conditions of risk},
  author={Sharpe, William F},
  journal={The journal of finance},
  volume={19},
  number={3},
  pages={425--442},
  year={1964},
  publisher={Wiley Online Library}
}

@ARTICLE{fama2004,
  title={The capital asset pricing model: Theory and evidence},
  author={Fama, Eugene F and French, Kenneth R},
  journal={Journal of economic perspectives},
  volume={18},
  number={3},
  pages={25--46},
  year={2004}
}

@BOOK{arnold2008,
  title={Corporate financial management},
  author={Arnold, Glen},
  address={New York City, NY},
  year={2008},
  publisher={Pearson Education}
}

@ARTICLE{liu2002,
  title={Equity valuation using multiples},
  author={Liu, Jing and Nissim, Doron and Thomas, Jacob},
  journal={Journal of Accounting Research},
  volume={40},
  number={1},
  pages={135--172},
  year={2002},
  publisher={Wiley Online Library}
}

@ARTICLE{liu2007,
  title={Is cash flow king in valuations?},
  author={Liu, Jing and Nissim, Doron and Thomas, Jacob},
  journal={Financial Analysts Journal},
  volume={63},
  number={2},
  pages={56--68},
  year={2007},
  publisher={Taylor \& Francis}
}

@ARTICLE{lie2002,
  title={Multiples used to estimate corporate value},
  author={Lie, Erik and Lie, Heidi J},
  journal={Financial Analysts Journal},
  volume={58},
  number={2},
  pages={44--54},
  year={2002},
  publisher={Taylor \& Francis}
}

@ARTICLE{stohs1996,
  title={The determinants of corporate debt maturity structure},
  author={Stohs, Mark Hoven and Mauer, David C},
  journal={Journal of business},
  pages={279--312},
  year={1996},
  publisher={JSTOR}
}

@ARTICLE{beaver1978,
  title={What determines price-earnings ratios?},
  author={Beaver, William and Morse, Dale},
  journal={Financial Analysts Journal},
  volume={34},
  number={4},
  pages={65--76},
  year={1978},
  publisher={Taylor \& Francis}
}

@ARTICLE{peasnell1982,
  title={Some formal connections between economic values and yields and accounting numbers},
  author={Peasnell, Kenneth V},
  journal={Journal of Business Finance \& Accounting},
  volume={9},
  number={3},
  pages={361--381},
  year={1982},
  publisher={Wiley Online Library}
}

@ARTICLE{penman1996,
  title={The articulation of price-earnings ratios and market-to-book ratios and the evaluation of growth},
  author={Penman, Stephen H},
  journal={Journal of accounting research},
  volume={34},
  number={2},
  pages={235--259},
  year={1996},
  publisher={JSTOR}
}

@ARTICLE{wilcox1984,
  title={The P/B-ROE valuation model},
  author={Wilcox, Jarrod W},
  journal={Financial Analysts Journal},
  volume={40},
  number={1},
  pages={58--66},
  year={1984},
  publisher={Taylor \& Francis}
}

@ARTICLE{rosa2007,
  title={Gera{\c{c}}{\~a}o hidrel{\'e}trica, termel{\'e}trica e nuclear},
  author={Rosa, Luiz Pinguelli},
  journal={Estudos Avan{\c{c}}ados},
  volume={21},
  number={59},
  pages={39--58},
  year={2007},
  publisher={SciELO Brasil}
}

@BOOK{greenblatt2006,
  title={The little book that beats the market},
  author={Greenblatt, Joel},
  year={2006},
  address={Hoboken, NJ},
  publisher={John Wiley \& Sons}
}

@BOOK{greenblatt2010,
  title={The little book that still beats the market},
  author={Greenblatt, Joel},
  year={2010},
  address={Hoboken, NJ},
  publisher={John Wiley \& Sons}
}

@ARTICLE{gadelha2014,
  title={Consumo de eletricidade e crescimento econ{\^o}mico no Brasil, 1952-2010: uma análise de causalidade},
  author={de Brito Gadelha, Sérgio Ricardo and Cerqueira, Renata Miyabara Gagliardi},
  journal={Revista Faz Ci{\^e}ncia},
  volume={16},
  number={24},
  pages={11},
  year={2014}
}

@ARTICLE{neto2016,
  title={Consumo de Energia e Crescimento Econ{\^o}mico: uma Análise do Brasil no período 1970-2009},
  author={Neto, Amir Borges Ferreira and Corr{\^e}a, Wilson Luiz Rotatori and Perobelli, Fernando Salgueiro},
  journal={Análise Econ{\^o}mica},
  volume={34},
  number={65},
  year={2016}
}

@ARTICLE{jamison2007,
  title={Regulation: price cap and revenue cap},
  author={Jamison, Mark A},
  journal={Encyclopedia of energy engineering and technology},
  volume={3},
  pages={1245--1251},
  year={2007}
}

@ARTICLE{woolf1995,
  title={Performance-based ratemaking: Opportunities and risks in a competitive electricity industry},
  author={Woolf, Tim and Michals, Julie},
  journal={The Electricity Journal},
  volume={8},
  number={8},
  pages={64--73},
  year={1995},
  publisher={Elsevier}
}

@ARTICLE{suozzo2001,
  title={Valuation multiples: A primer},
  author={Suozzo, Peter and Cooper, Stephen and Sutherland, Gillian and Deng, Zhen},
  journal={UBS Warburg: Valuation and Accounting},
  volume={1},
  pages={1--47},
  year={2001}
}

@MISC{lei3782_1960,
  author       = {Brasil},
  title        = {Lei nº 3.782, de 22 de julho de 1960.},
  note         = {Cria os Ministérios da Indústria e do Comércio e das Minas e Energia, e dá outras providências},
  year         = {1960},
  date         = {1960-07-22},
  url          = {http://www.planalto.gov.br/ccivil_03/leis/1950-1969/l3782.htm},
  urldate      = {2022-03-05},
  address      = {Brasília, DF: Brasil},
  shorttitle   = {Lei nº 3.782/1960}
}

@MISC{decreto50390_1961,
  author       = {Brasil},
  title        = {Decreto nº 50.390, de 29 de março de 1961.},
  note         = {Dispõe sôbre o funcionamento do Ministério das Minas e Energia},
  year         = {1961},
  date         = {1961-03-29},
  url          = {https://www.diariodasleis.com.br/legislacao/federal/81528-dispue-subre-o-funcionamento-do-ministurio-das-minas-e-energia.html},
  urldate      = {2022-03-05},
  address      = {Brasília, DF: Brasil},
  shorttitle   = {Decreto nº 50.390/1961}
}

@MISC{lei10683_2003,
  author       = {Brasil},
  title        = {Lei nº 10.683, de 28 de maio de 2003.},
  note         = {Dispõe sobre a organização da Presidência da República e dos Ministérios, e dá outras providências},
  year         = {2003},
  date         = {2003-05-28},
  url          = {http://www.planalto.gov.br/ccivil_03/leis/2003/l10.683.htm},
  urldate      = {2022-03-05},
  address      = {Brasília, DF: Brasil},
  shorttitle   = {Lei nº 10.683/2003}
}

@MISC{lei9427_1996,
  author       = {Brasil},
  title        = {Lei nº 9.427, de 26 de dezembro de 1996.},
  note         = {Institui a Agência Nacional de Energia Elétrica - ANEEL, disciplina o regime das concessões de serviços públicos de energia elétrica e dá outras providências},
  year         = {1996},
  date         = {1996-12-26},
  url          = {http://www.planalto.gov.br/ccivil_03/leis/l9427cons.htm},
  urldate      = {2022-03-05},
  address      = {Brasília, DF: Brasil},
  shorttitle   = {Lei nº 9.427/1996}
}

@MISC{lei9648_1998,
  author       = {Brasil},
  title        = {Lei nº 9.648, de 27 de maio de 1998.},
  note         = {Altera dispositivos das Leis no 3.890-A, de 25 de abril de 1961, no 8.666, de 21 de junho de 1993, no 8.987, de 13 de fevereiro de 1995, no 9.074, de 7 de julho de 1995, no 9.427, de 26 de dezembro de 1996, e autoriza o Poder Executivo a promover a reestruturação da Centrais Elétricas Brasileiras - ELETROBRÁS e de suas subsidiárias e dá outras providências},
  year         = {1998},
  date         = {1998-05-27},
  url          = {http://www.planalto.gov.br/ccivil_03/leis/l9648cons.htm},
  urldate      = {2022-03-05},
  address      = {Brasília, DF: Brasil},
  shorttitle   = {Lei nº 9.648/1998}
}

@MISC{lei10848_2004,
  author       = {Brasil},
  title        = {Lei nº 10.848, de 15 de março de 2004.},
  note         = {Dispõe sobre a comercialização de energia elétrica, altera as Leis nºs 5.655, de 20 de maio de 1971, 8.631, de 4 de março de 1993, 9.074, de 7 de julho de 1995, 9.427, de 26 de dezembro de 1996, 9.478, de 6 de agosto de 1997, 9.648, de 27 de maio de 1998, 9.991, de 24 de julho de 2000, 10.438, de 26 de abril de 2002, e dá outras providências},
  year         = {2004},
  date         = {2004-03-15},
  url          = {http://www.planalto.gov.br/ccivil_03/_ato2004-2006/2004/lei/l10.848.htm},
  urldate      = {2022-03-05},
  address      = {Brasília, DF: Brasil},
  shorttitle   = {Lei nº 10.848/2004}
}

@MISC{decreto5081_2004,
  author       = {Brasil},
  title        = {Decreto nº 5.081, de 14 de maio de 2004.},
  note         = {Regulamenta os arts. 13 e 14 da Lei no 9.648, de 27 de maio de 1998, e o art. 23 da Lei no 10.848, de 15 de março de 2004, que tratam do Operador Nacional do Sistema Elétrico - ONS},
  year         = {2004},
  date         = {2004-05-14},
  url          = {http://www.planalto.gov.br/ccivil_03/_ato2004-2006/2004/decreto/d5081.htm},
  urldate      = {2022-03-05},
  address      = {Brasília, DF: Brasil},
  shorttitle   = {Decreto nº 5.081/2004}
}

@MISC{decreto5177_2004,
  author       = {Brasil},
  title        = {Decreto nº 5.177, de 12 de agosto de 2004.},
  note         = {Regulamenta os arts. 4º e 5º da Lei nº 10.848, de 15 de março de 2004, e dispõe sobre a organização, as atribuições e o funcionamento da Câmara de Comercialização de Energia Elétrica - CCEE},
  year         = {2004},
  date         = {2004-08-12},
  url          = {http://www.planalto.gov.br/ccivil_03/_ato2004-2006/2004/decreto/d5177.htm},
  urldate      = {2022-03-05},
  address      = {Brasília, DF: Brasil},
  shorttitle   = {Decreto nº 5.177/2004}
}

@MISC{lei10847_2004,
  author       = {Brasil},
  title        = {Lei nº 10.847, de 15 de março de 2004.},
  note         = {Autoriza a criação da Empresa de Pesquisa Energética – EPE e dá outras providências},
  year         = {2004},
  date         = {2004-03-15},
  url          = {http://www.planalto.gov.br/ccivil_03/_ato2004-2006/2004/lei/l10.847.htm},
  urldate      = {2022-03-05},
  address      = {Brasília, DF: Brasil},
  shorttitle   = {Lei nº 10.847/2004}
}

@MISC{lei9478_1997,
  author       = {Brasil},
  title        = {Lei nº 9.478, de 6 de agosto de 1997.},
  note         = {Dispõe sobre a política energética nacional, as atividades relativas ao monopólio do petróleo, institui o Conselho Nacional de Política Energética e a Agência Nacional do Petróleo e dá outras providências},
  year         = {1997},
  date         = {1997-08-06},
  url          = {http://www.planalto.gov.br/ccivil_03/leis/l9478.htm},
  urldate      = {2022-03-05},
  address      = {Brasília, DF: Brasil},
  shorttitle   = {Lei nº 9.478/1997}
}

@MISC{decreto3520_2000,
  author       = {Brasil},
  title        = {Decreto nº 3.520, de 21 de junho de 2000.},
  note         = {Dispõe sobre a estrutura e o funcionamento do Conselho Nacional de Política Energética - CNPE e dá outras providências},
  year         = {2000},
  date         = {2000-06-21},
  url          = {http://www.planalto.gov.br/ccivil_03/decreto/d3520.htm},
  urldate      = {2022-03-05},
  address      = {Brasília, DF: Brasil},
  shorttitle   = {Decreto nº 3.520/2000}
}

@MISC{decreto5175_2004,
  author       = {Brasil},
  title        = {Decreto nº 5.175, de 9 de agosto de 2004.},
  note         = {Constitui o Comitê de Monitoramento do Setor Elétrico - CMSE de que trata o art. 14 da Lei no 10.848, de 15 de março de 2004},
  year         = {2004},
  date         = {2004-08-09},
  url          = {http://www.planalto.gov.br/ccivil_03/_ato2004-2006/2004/decreto/d5175.htm},
  urldate      = {2022-03-05},
  address      = {Brasília, DF: Brasil},
  shorttitle   = {Decreto nº 5.175/2004}
}

@MISC{ren247_2006,
  author       = {ANEEL},
  title        = {Resolução Normativa nº 247, de 21 de dezembro de 2006.},
  note         = {Estabelece as condições para a comercialização de energia elétrica, oriunda de empreendimentos de geração que utilizem fontes primárias incentivadas, com unidade ou conjunto de unidades consumidoras cuja carga seja maior ou igual a 500 kW e dá outras providências},
  year         = {2006},
  date         = {2006-12-21},
  url          = {https://www.aneel.gov.br/documents/656877/14486448/ren2006247.pdf/00a08734-65b0-434f-8e1f-9d55a8160199?version=1.0},
  urldate      = {2022-03-05},
  address      = {Brasília, DF: Brasil},
  shorttitle   = {REN nº 247/2006}
}

@MISC{ren414_2010,
  author       = {ANEEL},
  title        = {Resolução Normativa nº 414, de 9 de setembro de 2010.},
  note         = {Estabelece as Condições Gerais de Fornecimento de Energia Elétrica de forma atualizada e consolidada},
  year         = {2010},
  date         = {2010-09-09},
  url          = {https://www.aneel.gov.br/documents/656877/14486448/bren2010414.pdf/3bd33297-26f9-4ddf-94c3-f01d76d6f14a?version=1.0},
  urldate      = {2022-03-05},
  address      = {Brasília, DF: Brasil},
  shorttitle   = {REN nº 414/2010}
}

@MISC{prt465_2019,
  author       = {MME},
  title        = {Portaria nº 465, de 12 de dezembro de 2019.},
  year         = {2019},
  date         = {2019-12-12},
  url          = {https://www.in.gov.br/web/dou/-/portaria-n-465-de-12-de-dezembro-de-2019.-233554889},
  urldate      = {2022-03-05},
  address      = {Brasília, DF: Brasil},
  shorttitle   = {PRT MME nº 465/2019}
}

@MISC{ren827_2018,
  author       = {ANEEL},
  title        = {Resolução Normativa nº 827, de 21 de agosto de 2018.},
  note         = {Altera a Resolução Normativa nº 583, de 22 de outubro de 2013, e dá outras providências},
  year         = {2018},
  date         = {2018-08-21},
  url          = {https://www.in.gov.br/materia/-/asset_publisher/Kujrw0TZC2Mb/content/id/37974693/do1-2018-08-23-resolucao-normativa-n-827-de-21-de-agosto-de-2018-37974490},
  urldate      = {2022-03-05},
  address      = {Brasília, DF: Brasil},
  shorttitle   = {REN nº 827/2018}
}

@MISC{ren482_2012,
  author       = {ANEEL},
  title        = {Resolução Normativa nº 482, de 17 de abril de 2012.},
  note         = {Estabelece as condições gerais para o acesso de microgeração e minigeração distribuída aos sistemas de distribuição de energia elétrica, o sistema de compensação de energia elétrica, e dá outras providências},
  year         = {2012},
  date         = {2012-04-17},
  url          = {http://www2.aneel.gov.br/cedoc/ren2012482.pdf},
  urldate      = {2022-03-05},
  address      = {Brasília, DF: Brasil},
  shorttitle   = {REN nº 482/2012}
}

@MISC{lei14300_2022,
  author       = {Brasil},
  title        = {Lei nº 14.300, de 6 de janeiro de 2022.},
  note         = {Institui o marco legal da microgeração e minigeração distribuída, o Sistema de Compensação de Energia Elétrica (SCEE) e o Programa de Energia Renovável Social (PERS); altera as Leis nºs 10.848, de 15 de março de 2004, e 9.427, de 26 de dezembro de 1996; e dá outras providências},
  year         = {2022},
  date         = {2022-01-06},
  url          = {http://www.planalto.gov.br/ccivil_03/_ato2019-2022/2022/lei/L14300.htm},
  urldate      = {2022-03-05},
  address      = {Brasília, DF: Brasil},
  shorttitle   = {Lei nº 14.300/2022}
}

@MISC{lei12783_2013,
  author       = {Brasil},
  title        = {Lei nº 12.783, de 11 de janeiro de 2013.},
  note         = {Dispõe sobre as concessões de geração, transmissão e distribuição de energia elétrica, sobre a redução dos encargos setoriais e sobre a modicidade tarifária; altera as Leis nº s 10.438, de 26 de abril de 2002, 12.111, de 9 de dezembro de 2009, 9.648, de 27 de maio de 1998, 9.427, de 26 de dezembro de 1996, e 10.848, de 15 de março de 2004; revoga dispositivo da Lei nº 8.631, de 4 de março de 1993; e dá outras providências},
  year         = {2013},
  date         = {2013-01-11},
  url          = {http://www.planalto.gov.br/ccivil_03/_ato2011-2014/2013/lei/l12783.htm},
  urldate      = {2022-03-05},
  address      = {Brasília, DF: Brasil},
  shorttitle   = {Lei nº 12.783/2013}
}

@MISC{lei12431_2011,
  author       = {Brasil},
  title        = {Lei nº 12.431, de 24 de junho de 2011.},
  note         = {Dispõe sobre a incidência do imposto sobre a renda nas operações que especifica; altera as Leis nºs 11.478, de 29 de maio de 2007, 6.404, de 15 de dezembro de 1976, 9.430, de 27 de dezembro de 1996, 12.350, de 20 de dezembro de 2010, 11.196, de 21 de novembro de 2005, 8.248, de 23 de outubro de 1991, 9.648, de 27 de maio de 1998, 11.943, de 28 de maio de 2009, 9.808, de 20 de julho de 1999, 10.260, de 12 de julho de 2001, 11.096, de 13 de janeiro de 2005, 11.180, de 23 de setembro de 2005, 11.128, de 28 de junho de 2005, 11.909, de 4 de março de 2009, 11.371, de 28 de novembro de 2006, 12.249, de 11 de junho de 2010, 10.150, de 21 de dezembro de 2000, 10.312, de 27 de novembro de 2001, e 12.058, de 13 de outubro de 2009, e o Decreto-Lei nº 288, de 28 de fevereiro de 1967; institui o Regime Especial de Incentivos para o Desenvolvimento de Usinas Nucleares (Renuclear); dispõe sobre medidas tributárias relacionadas ao Plano Nacional de Banda Larga; altera a legislação relativa à isenção do Adicional ao Frete para Renovação da Marinha Mercante (AFRMM); dispõe sobre a extinção do Fundo Nacional de Desenvolvimento; e dá outras providências},
  year         = {2011},
  date         = {2011-06-24},
  url          = {http://www.planalto.gov.br/ccivil_03/_ato2011-2014/2011/lei/l12431.htm},
  urldate      = {2022-03-05},
  address      = {Brasília, DF: Brasil},
  shorttitle   = {Lei nº 12.431/2011}
}

@MISC{lei9074_1995,
  author       = {Brasil},
  title        = {Lei nº 9.074, de 7 de julho de 1995.},
  note         = {Estabelece normas para outorga e prorrogações das concessões e permissões de serviços públicos e dá outras providências},
  year         = {1995},
  date         = {1995-07-07},
  url          = {http://www.planalto.gov.br/ccivil_03/leis/l9074cons.htm},
  urldate      = {2022-03-05},
  address      = {Brasília, DF: Brasil},
  shorttitle   = {Lei nº 9.074/1995}
}

@MISC{decreto8461_2015,
  author       = {Brasil},
  title        = {Decreto nº 8.461, de 2 de junho de 2015.},
  note         = {Regulamenta a prorrogação das concessões de distribuição de energia elétrica, de que trata o art. 7º da Lei nº 12.783, de 11 de janeiro de 2013, e o art. 4º -B da Lei nº 9.074, de 7 de julho de 1995},
  year         = {2015},
  date         = {2015-06-02},
  url          = {http://www.planalto.gov.br/ccivil_03/_ato2015-2018/2015/decreto/d8461.htm},
  urldate      = {2022-03-05},
  address      = {Brasília, DF: Brasil},
  shorttitle   = {Decreto nº 8.461/2015}
}

@MISC{ren875_2020,
  author       = {ANEEL},
  title        = {Resolução Normativa nº 875, de 10 de março de 2020.},
  note         = {Estabelece os requisitos e procedimentos necessários à aprovação dos Estudos de Inventário Hidrelétrico de bacias hidrográficas, à obtenção de outorga de autorização para exploração de aproveitamentos hidrelétricos, à comunicação de implantação de Central Geradora Hidrelétrica com Capacidade Instalada Reduzida e à aprovação de Estudos de Viabilidade Técnica e Econômica de Usina Hidrelétrica sujeita à concessão.},
  year         = {2020},
  date         = {2020-03-10},
  url          = {https://www.in.gov.br/web/dou/-/resolucao-normativa-n-875-de-10-de-marco-de-2020-248070610},
  urldate      = {2022-03-05},
  address      = {Brasília, DF: Brasil},
  shorttitle   = {REN nº 875/2020}
}